@Book{bib:software_engineering,
  author = 	 {Leon, G.},
  title = 	 {Ingeniería de sistemas de software},
  publisher = 	 {Isdefe},
  edition =      {1ª},
  year = 	 {1996},
}

@Book{bib:LaTeX,
  author = 	 {Oetiker T., Partl H., Hyna I., Schlegl E.},
  title = 	 {Introducción no-tan-corta a \LaTeXe},
  publisher = 	 {},
  edition =      {4.20},
  year = 	 {2007},
}

@Book{bib:j2me,
  author = 	 {Gálvez, S., Ortega, L.},
  title = 	 {Java a tope: J2ME (Java 2 Micro Edition},
  publisher = 	 {},
  edition =      {},
  year = 	 {2003},
}

@Book{bib:jsr82,
  author = 	 {Gimeno, A.},
  title = 	 {JSR-82: Bluetooth desde Java},
  publisher = 	 {},
  edition =      {1ª},
  year = 	 {2004},
}

@Book{bib:jsr257,
  author = 	 {JSR 257 Expert Group},
  title = 	 {Contactless Communication API: JSR-257},
  publisher = 	 {Nokia Corporation},
  edition =      {1.0},
  year = 	 {2006},
}

@Book{bib:jfontecha,
  author = 	 {Fontecha, J.},
  title = 	 {J2ME-NFC: Documento de partida. Conceptos básicos},
  publisher = 	 {MAmI. Escuela Superior de Informática (UCLM)},
  edition =      {},
  year = 	 {},
}

@techreport{bib:currentBenefits,
	title = {Current Benefits and Future Directions of NFC Services},
	institution = {IEMET},
	author = {Ok, k., Coskun, V., Aydin, M.N., Ozdenizci, B.},
	month = nov,
	year = {2010}
}

@techreport{bib:nfcComparison,
  title = {Tecnología inalámbrica NFC y sus aplicaciones en sistemas embebidos},
  institution = {CASE (Congreso Argentino de Sistemas Embebidos)},
  author = {Carignano, M.F., Ferreyra, P.},
  month = mar,
  year = {2011}
}

@techreport{bib:mifare,
	title = {MiFare in action},
	institution = {Card Technology Today},
	author = {Marijke Sas},
	month = mar,
	year = {2003}
}

@techreport{bib:nfcCommerce,
  title = {A generic model for NFC-based mobile commerce},
  institution = {International Conference on Advanced Communication Technology},
  author = {Cheng, H.-C., Chen, J.-W., Chi, T.-Y., Chen, P.-H.},
  month = feb,
  year = {2009}
}

@techreport{bib:paymentSecurity,
  title = {Analysis of mobile payment security measures and different standards},
  institution = {Computer Fraud and Security},
  author = {Kadhiwal, S., Zulfiquar, M.},
  month = jun,
  year = {2007}
}

@techreport{bib:rfidPayment,
  title = {Analyze on mobile payment based on RFID},
  institution = {Procedia Environmental Sciences},
  author = {Dai, W. , Zhou, S., Luo, G., Chen, Z., Xie, L.},
  month = aug,
  year = {2011}
}

@techreport{bib:nfcSecurityProtocol,
  title = {Efficient tag-to-tag NFC protocol for secure mobile payment},
  institution = {International Conference on Instrumentation, Communication, Information Technology and Biomedical Engineering},
  author = {Husni, E., Kuspriyanto, Basjaruddin, N., Purboyo, T., Purwantoro, S., Ubaya, H.},
  month = nov,
  year = {2011}
}

@techreport{bib:simPass,
  title = {Mobile payment based on RFID-SIM card},
  institution = {IEEE International Conference on Embedded Software and Systems},
  author = {Zou, J., Zhang, C., Dong, C., Fan, C., Wen, Z.},
  month = jun,
  year = {2010}
}

@techreport{bib:noWaiting,
  title = {No more waiting on near field communication},
  institution = {IEEE Spectrum},
  author = {Romero, J.J.},
  month = jun,
  year = {2012}
}

@techreport{bib:wingBonus,
  title = {An NFC-based solution for discount and loyalty mobile coupons},
  institution = {International Workshop on Near Field Communication},
  author = {Sánchez-Silos, J.J., Velasco-Arjona, F.J., Ruiz, I.L., Gómez-Nieto, M.A.},
  month = mar,
  year = {2012}
}

@techreport{bib:nfcLoyal,
  title = {NFC Loyal: a beneficial model to promote loyalty on smart cards of mobile devices},
  institution = {International Conference for Internet Technology and Secured Transactions},
  author = {Ozdenizci, B., Coskun, V., Aydin, M.N., Ok, K.},
  month = nov,
  year = {2010}
}

@techreport{bib:nfcLoyal2,
  title = {NFC Loyal for enhancing loyalty services through Near Field Communication},
  institution = {Wireless Personal Communications},
  author = {Ozdenizci, B.a, Ok, K., Coskun, V.},
  month = apr,
  year = {2012}
}

@Misc{bib:rae,
  key =   {RAE},
  title = {Diccionario de la lengua española, vigésima segunda edición (Real Academia Española)},
  year =  {2012},
  url =   {http://www.rae.es/rae.html}
}

@Misc{bib:wiki,
  key =   {WIKI},
  title = {WIKIPEDIA - La enciclopedia libre},
  year =  {2012},
  url =   {http://es.wikipedia.org/wiki/Wikipedia:Portada}
}

@Misc{bib:urlMifare,
  key =   {MIFARE},
  title = {Mifare.net, the success of MiFare.},
  year =  {2012},
  url =  	{http://mifare.net/}
}

@Misc{bib:nfcForum,
  key =   {FORUM},
  title = {NFC Forum},
  year =  {2012},
  url =   {http://www.nfc-forum.org/}
}

@Misc{bib:nfcMobiles,
  key =   {NFCON},
  title = {NFC On - otro proyecto de Sooft.es},
  year =  {2012},
  url =   {http://www.nfcon.es/}
}

@Misc{bib:btDefinition,
  key =   {BTDEF},
  title = {Marketing Bluetooth},
  year =  {2008},
  url =   {http://www.marketing-bluetooth.com/}
}

@Misc{bib:btInterface,
  key =   {BTINT},
  title = {BlueZona - Qué es Bluetooth (García, A.)},
  year =  {2008},
  url =   {http://www.bluezona.com/que-es-bluetooth/}
}

@Misc{bib:webServices,
  key =   {WS-W3C},
  title = {W3C - Divulgación - Servicios web},
  year =  {2008},
  url =   {http://www.w3c.es/Divulgacion/GuiasBreves/ServiciosWeb}
}

@Misc{bib:soa,
  key =   {TTIC},
  title = {Temario técnico para las oposiciones TIC - Descripción de la
  arquitectura SOA},
  year =  {2009},
  url =   {http://temariotic.wikidot.com/arquitectura-soa}
}

@Misc{bib:java,
  key =   {JAVA},
  title = {Ciberaula Java - La tecnología Java},
  year =  {2010},
  url =   {http://java.ciberaula.com/articulo/tecnologia_java/}
}

@Misc{bib:jmeOracle,
  key =   {JMEO},
  title = {ORACLE - About JavaME},
  year =  {2012},
  url =   {http://www.oracle.com/technetwork/java/javame/about-java-me-395899.html}
}

@Misc{bib:touchscreen,
  key =   {WIKIEN},
  title = {WIKIPEDIA: The free encyclopedia - Touchscreen},
  year =  {2012},
  url =   {http://en.wikipedia.org/wiki/Touchscreen}
}

@Misc{bib:ticUTP,
  key =   {TICUTP},
  title = {Tecnología de Información y Comunicación (Universidad Tecnológica de Panamá) - Computación móvil},
  year =  {2010},
  url =   {http://irvingrod1.tripod.com/movil.html}
}

@Misc{bib:wikiMobileComputing,
  key =   {WIKIEN},
  title = {WIKIPEDIA: The free encyclopedia - Mobile computing},
  year =  {2012},
  url =   {http://en.wikipedia.org/wiki/Mobile_computing}
}

@Misc{bib:micMobileComputing,
  key =   {MICWIKI},
  title = {Microevolution - Computación móvil},
  year =  {2012},
  url =   {http://microevolution.wikispaces.com/4.-+Computaci\%C3\%B3n+M\%C3\%B3vil}
}

@Misc{bib:ARCO,
  key =   {ARCO},
  title = {Grupo de investigación \acs{ARCO}, \acs{UCLM}.},
  year =  {2012},
  url =   {http://arco.esi.uclm.es/}
}

@Misc{bib:softRestaurant,
  key =   {SOFTR},
  title = {\emph{Soft Restaurant}. Software para restaurantes
  elaborado por la empresa mexicana \emph{National Soft}.},
  year =  {2012},
  url =  	{http://www.softrestaurant.com/}
}

@Misc{bib:saleYa,
  key =   {SALEYA},
  title = {Software \emph{Sale Ya!} Un producto de \emph{Estudios Legaspi}.},
  year =  {2012},
  url =  	{http://www.estudiolegaspi.com.ar/Salewin.html}
}

@Misc{bib:restBar,
  key =   {RESTB},
  title = {\emph{RestBar}. Software para la gestión de restaurantes de
  \emph{Ambit Tecnology}},
  year =  {2012},
  url =  	{www.restbar.com/}
}

@Misc{bib:frontRest,
  key =   {FRONTR},
  title = {\emph{FrontRest}. Sistema para la gestión de restaurantes
  desarrollado por \emph{ICG Software}.},
  year =  {2012},
  url =  	{http://www.icg.es/?es/software-programas/restaurantes-hosteleria}
}

@Misc{bib:vMenu,
  key =   {VMENU},
  title = {\emph{vMenu}, la carta de lujo para su restaurante. Desarrollado
  por \emph{Vloo}.},
  year =  {2012},
  url =  	{http://vlooguides.com/NewWeb/www/es/menu_p.html}
}

@Misc{bib:brandTable,
  key =   {BTABLE},
  title = {\emph{Brand Table}, el prototipo para hacer pedidos a través
  de \acs{NFC}. Desarrollado por \emph{S-Digital}.},
  year =  {2012},
  url =  	{http://www.s-digital.com.au/news/2011/10/19/nfc-brand-table.html}
}

